
@article{ehrenfeucht79,
  title={Positional strategies for mean payoff games},
  author={Andrzej Ehrenfeucht and Jan Mycielski},
  journal={International Journal of Game Theory},
  year={1979},
  volume={8},
  pages={109-113}
}

@article{zielonka98,
author = {Zielonka, Wies\l{}aw},
title = {Infinite Games on Finitely Coloured Graphs with Applications to Automata on Infinite Trees},
year = {1998},
issue_date = {June 28, 1998},
publisher = {Elsevier Science Publishers Ltd.},
address = {GBR},
volume = {200},
number = {1–2},
issn = {0304-3975},
url = {https://doi.org/10.1016/S0304-3975(98)00009-7},
doi = {10.1016/S0304-3975(98)00009-7},
journal = {Theor. Comput. Sci.},
month = jun,
pages = {135–183},
numpages = {49},
keywords = {Rabin complementation lemma, infinite trees, infinite games}
}

  

@phdthesis{puri96,
author = {Puri, Anuj},
title = {Theory of Hybrid Systems and Discrete Event Systems},
year = {1996},
publisher = {University of California at Berkeley},
address = {USA},
note = {UMI Order No. GAX96-21326}
}

@article{zwick96,
title = {The complexity of mean payoff games on graphs},
journal = {Theoretical Computer Science},
volume = {158},
number = {1},
pages = {343-359},
year = {1996},
issn = {0304-3975},
doi = {https://doi.org/10.1016/0304-3975(95)00188-3},
url = {https://www.sciencedirect.com/science/article/pii/0304397595001883},
author = {Uri Zwick and Mike Paterson}
}

@inproceedings{jurdzinski00,
author = {Jurdzinski, Marcin},
title = {Small Progress Measures for Solving Parity Games},
year = {2000},
isbn = {3540671412},
publisher = {Springer-Verlag},
address = {Berlin, Heidelberg},
booktitle = {Proceedings of the 17th Annual Symposium on Theoretical Aspects of Computer Science},
pages = {290–301},
numpages = {12},
series = {STACS '00}
}

@article{brim11,
author = {Brim, L. and Chaloupka, J. and Doyen, L. and Gentilini, R. and Raskin, J. F.},
title = {Faster Algorithms for Mean-Payoff Games},
year = {2011},
issue_date = {April     2011},
publisher = {Kluwer Academic Publishers},
address = {USA},
volume = {38},
number = {2},
issn = {0925-9856},
url = {https://doi.org/10.1007/s10703-010-0105-x},
doi = {10.1007/s10703-010-0105-x},
journal = {Form. Methods Syst. Des.},
month = apr,
pages = {97–118},
numpages = {22},
keywords = {Quantitative models, Synthesis of controllers, Embedded systems, Energy constraints, Mean-payoff objectives, Quantitative games, (Quantitative) model checking, Algorithms & complexity upper bounds}
}

  


@inproceedings{schewe08,
  author    = {Sven Schewe},
  editor    = {Michael Kaminski and
               Simone Martini},
  title     = {An Optimal Strategy Improvement Algorithm for Solving Parity and Payoff  Games},
 booktitle = {Computer Science Logic, 22nd International Workshop, {CSL} 2008, 17th
               Annual Conference of the EACSL, Bertinoro, Italy, September 16-19,
               2008. Proceedings},
  series    = {Lecture Notes in Computer Science},
  volume    = {5213},
  pages     = {369--384},
  publisher = {Springer},
  year      = {2008},
  doi       = {10.1007/978-3-540-87531-4\_27},
}